@misc{llvm.org,
author = {"LLVM Project Team"},
title = {"LLVM Website"},
year = {2012},
howpublished={\url{http://www.llvm.org}},
note = {"Accessed Novemeber 2012"}
}
